@Comment  {Please use the identifier format NnnYYYYa for single author papers and NMOPQYYYYa for multiauthor papers, where Nnn is the first 3 letters of the last name of the author, NMPQ are the first letters of the last names of each of the authors, in alphabetical order, YYYY is the 4 digit year of publication, a is "a" for the first paper, "b" for the second, etc, with the same characters before it. Make sure you search to see you are not adding the same work again or reusing an identifier.}

@article{,
  author = {},
  title = {},
  year = {},
  journal = {},
  volume = {},
  issue = {},
  pages = {}
}

@book{Hat2002a,
  author = {Hatcher, Allen},
  title = {Algebraic Topology},
  year = {2002},
  publisher = {Cambridge University Press}
}

@article{Car2009a,
  author = {Carlsson, Gunnar},
  title = {Topology and Data},
  year = {2009},
  journal = {BULLETIN (New Series) OF THE AMERICAN MATHEMATICAL SOCIETY},
  volume = {46},
  issue = {2},
  pages = {255-308}
}

@book{Zom2005a,
  author = {Zomorodian, Afra J.},
  title = {Topology for Computing},
  year = {2005},
  publisher = {Cambridge University Press}
}
